@misc{wiki_sk_typography,
  title={Typografia (umenie)},
  year={rev. 1. červen 2018},
  note={[vid.~2021-04-19]},
  howpublished={[online]},
  url={https://sk.wikipedia.org/wiki/Typografia_(umenie)}
}

@misc{simecek2013programujte,
  title={LaTeX 1.\,--\,Co to je a proč se ho chtít učit?},
	author={Martin Šimeček},
	year={rev. 21. srpen 2013},
	note={[vid.~2021-04-19]},
  howpublished={[online]},
	url={http://programujte.com/clanek/2013080500}
}

@misc{martinek2010latex,
  title={LaTeXové speciality},
	author={David Martinek},
	year={rev. 25. únor 2010},
	note={[vid. 2021-04-19]},
  howpublished={[online]},
	url={http://www.fit.vutbr.cz/~martinek/latex/index.html}
}

@inbook{rybicka2003latex,
  title={LaTeX pro začátečníky},
	author={Jiří Rybička},
	publisher={Konvoj},
	address={Brno},
	year={2003},
	edition={3},
	ISBN={80-7302-049-1},
}

@inbook{goossens1999latex,
  title={The LaTeX Web Companion: Integrating TeX, HTML, and XML},
  author={Goossens, Michel and Rahtz, Sebastian PQ and Rahtz, Sebastian and Gurari, Eitan M and Moore, Ross and Sutor, Robert S},
  volume={4},
  year={1999},
  publisher={Addison-Wesley Professional},
  ISBN={978-0201433111}
}

@mastersthesis{mazac2010diplomka,
  author={Ladislav Mazač},
  title={Implementace standardu pro bibliografické citace BibTeX pomocí technologie XML},
  school={Vysoké učení technické v Brně, Fakulta elektrotechniky a komunikačních technologií},
  year={2010},
  type={Diplomová práce},
}

@mastersthesis{sokol2012onlinelatexeditor,
  author={Miroslav Sokol},
  title={Online LaTeX editor},
  school={Vysoké učení technické v Brně, Fakulta informačních technologií},
  year={2012},
  type={Diplomová práce},
}

@article{hwang1995writing,
  title={Writing in the Age of LATEX},
  author={Hwang, Andrew D},
  journal={Notices of the AMS},
  volume={42},
  number={8},
  year={1995}
}

@article{olsak2014tex,
	title={TeX pro pragmatiky},
	author={Petr Olšák},
	journal={Zpravodaj Československého sdružení uživatelů TeXu},
	year={2014},
	ISSN={1211-6661},
}

@article{novotny2020tex,
	title={Markdown 2.8.1: Směle k trůnu odlehčeného značkování v TeXu},
	author={Vít Novotný},
	journal={Zpravodaj Československého sdružení uživatelů TeXu},
	year={2020},
  number={1-2},
	ISSN={1211-6661},
}